%%% Biografías de wikipedia
@online{samuel-wikipedia,
  author= {Wikipedia. Arthur Samuel},
  url = {https://en.wikipedia.org/wiki/Arthur_Samuel},
  urldate = {2021-11-30}
}

@online{mitchell-wikipedia,
  author= {Wikipedia. Tom Mitchell},
  url = {https://en.wikipedia.org/wiki/Tom_M._Mitchell},
  urldate = {2021-11-30}
}

@online{weierstrass-wikipedia,
  author= {Wikipedia. Karl Weierstrass},
  url = {https://es.wikipedia.org/wiki/Karl_Weierstrass},
  urldate = {2021-11-30}
}

@online{stone-wikipedia,
  author= {Wikipedia. Marshall Harvey Stone},
  url = {https://en.wikipedia.org/wiki/Marshall_Harvey_Stone},
  urldate = {2021-11-30}
}

@online{bengio-wikipedia,
  author= {Wikipedia. Yoshua Bengio},
  url = {https://en.wikipedia.org/wiki/Yoshua_Bengio},
  urldate = {2021-12-13}
}

@online{cauchy-wikipedia,
  author= {Wikipedia},
  title = {Agoustin Louis Cauchy},
  url = {https://es.wikipedia.org/wiki/Augustin_Louis_Cauchy},
  urldate = {2021-12-13}
}

@online{hadamard-wikipedia,
  author= {Wikipedia},
  title = {Jacques Hadamard},
  url = {https://es.wikipedia.org/wiki/Jacques_Hadamard},
  urldate = {2021-12-13}
}

@online{haskell-wikipedia,
  author= {Wikipedia},
  title = {Haskell Curry},
  url = {https://es.wikipedia.org/wiki/Haskell_Curry},
  urldate = {2021-12-13}
}

%%%% Introducción %%%%%%
@book{learning-from-data-1-2,
   title={Learning From Data: Concepts, Theory, and Methods},
   author={Vladimir Cherkassky and Filip Mulier},
   year={2007},
   publisher={John. Wiley \& Sons},
   edition        = {2}, 
   chapter        = {1,2},
 }
 
 @book{tom-michell-machine-learning,
   title={Machine Learing},
   author={Tom Mitchell},
   year={1997},
   publisher={McGraw},
    url = {https://www.cs.cmu.edu/afs/cs.cmu.edu/user/mitchell/ftp/mlbook.html},
 }
@online{hisour,
  author = {Hisour},
  title = {Nocción del aprendizaje automático},
  year = 2021,
  url = {https://www.hisour.com/es/machine-learning-42773/},
  urldate = {2021-11-27}
}
%----- Teoría de la aproximación -----

@online{weiertrass,
  author = {Brittanica},
  title = {Karl Weierstrass},
  year = 2021,
  url = {https://www.britannica.com/biography/Karl-Weierstrass},
  urldate = {2021-11-27}
}
@online{stone,
  author = {MacTutor},
  title = {Marshall Stone},
  year = 2021,
  url = {https://mathshistory.st-andrews.ac.uk/Biographies/Stone/},
  urldate = {2021-11-28}
}

@article{historia-aproximacion,
author = {Steffens, Karl-Georg and Anastassiou, George},
year = {2006},
month = {01},
pages = {1-219},
title = {The history of approximation theory. From Euler to Bernstein},
isbn = {978-0-8176-4353-9},
journal = {The History of Approximation Theory: From Euler to Bernstein},
doi = {10.1007/0-8176-4475-X}
}

%%---------- tipos de redes neuronales profundas --------------
@online{tipos-general-redes-neuronales-profundas,
  author = {Código fuente. Vlog de divulgación informática},
  title = {Redes neuronales profundas. Tipo y Caractarerísticas},
  year = 2021,
  url = {https://www.codigofuente.org/redes-neuronales-profundas-tipos-caracteristicas/},
  urldate = {2021-11-28}
}

@online{hopfield,
  author = {Hopfield},
  title = {Carrera de Hopfield},
  year = 2021,
  url = {http://www.scholarpedia.org/article/User:Hopfield},
  urldate = {2021-11-28}
}
@online{Rumelhart,
  author = {Rumelhart},
  title = {Biografía de Rumelhart},
  year = 2021,
  url = {https://web.archive.org/web/20131030220027/http://rumelhartprize.org/?page_id=10},
  urldate = {2021-11-29}
}

@online{Google-Brain,
  author = {Google Brain},
  title = {Google brain},
  year = 2021,
  url = {https://en.wikipedia.org/wiki/Google_Brain#Projects},
  urldate = {2021-11-29}
}

@online{geoffrey-hinton,
  author = {Wikipedia},
  title = {geoffrey-hinton},
  year = 2021,
  url = {https://en.wikipedia.org/wiki/Geoffrey_Hinton#cite_note-schmidhuber-15},
  urldate = {2021-11-29}
}

@online{gan-explanacion,
  author = {IA artificial inteligent },
  title = {Explicación de las redes Neuronales Generativas Adversativas},
  year = 2021,
  url = {https://www.iartificial.net/redes-neuronales-generativas-adversarias-gans/},
  urldate = {2021-11-29}
}


%% perceptrón

@Article{mcculloh-pitts,
  Author         = "Warren S. McCulloh y Walter Pitts",
  Title          = "A Logical Calculus of the Ideas Immanent in Nervous Activity",
  Journal        = "Bulletin of Mathematical Biophysics",
  Volume         = 5,
  Pages          = "115-133",
  Year           = 1943,
}
@InBook{skansi,
  Author         = "Sandro Skansi",
  Title          = "Introduction to Deep Learning",
  Publisher      = "Springer International Publishing",
  year           = 2018,
}
@Article{rosenblatt,
  Author         = "Frank Rosenblatt",
  Title          = "The Perceptron:  A Probabilistic Model for Information Storageand Organization in the Brain.",
  Journal        = "Psychological Review",
  Volume         = "65",
  Number         = "6",
  Pages          = "386-408",
  year           = 1958,
  month          = "Abril",
}

@book{yaser,
    Title       = "Learning From Data. A short Course",
    Author      = "Yaser S. Abu-Mostafa, Malik Magdon-Ismail, Hsuan-Tien Lin",
    Year        =  2012,
    Publisher   = "AMLbook.com"
}
 

% Perceptrón multicapa

@Book{rumelhart-hinton-williams,
  Author         = "David E. Rumelhart, Geoffrey E. Hinton, Ronald J. Williams",
  Title          = "Parallel distributed processing: Explorations in the microstructure of cognition",
  Publisher      = "MIT Press",
  year           = 1986,
}
@online{multilayer,
  author = {Pablo Caceres},
  title = {Introduction to Neural Network Models of Cognition},
  year = 2021,
  url = {https://com-cog-book.github.io/com-cog-book/intro.html},
  urldate = {2021-11-30}
}
@Article{jurgen,
  Author         = "Jürgen Schmidhuber",
  Title          = "Deep learning in neural networks: An overview",
  Journal        = "Neural Networks",
  Volume         = 61,
  Pages          = "85-117",
  Year           = 2015,
}
@Book{relu,
  Author         = "Richard H.R. Hahnloser, H. Sebastian Seung",
  Title          = "Permitted and forbidden sets in symmetric threshold-linear networks",
 Publisher      = "Neural information processing systems foundation",
  year           = 2001,
}
@Article{kelley,
  Author         = "Henry J. Kelley",
  Title          = "Gradient Theory of Optimal Flight Paths.",
  Journal        = "ARS Journal",
  Volume         = "30",
  Number         = "10",
  Pages          = "947–954",
  year           = 1960,
}
@online{aproximator,
  author = {Daniel McNeela},
  title = {The Universal Approximation Theorem for Neural Networks},
  year = 2017,
  url = "https://mcneela.github.io/machine_learning/2017/03/21/Universal-Approximation-Theorem.html",
  urldate = {2021-11-30}
}
@Article{aproximator-original,
  Author         = "Kurt Hornik, Maxwell Stinchcombe y Halbert White",
  Title          = "Multilayer  Feedforward Networks are 
Universal Approximators.",
  Journal        = "Neural Networks",
  Volume         = "2",
  Pages          = "359-366",
  year           = 1989,
}
@Article{aproximator-nonsigmoid,
  Author         = "Kurt Hornik",
  Title          = "Approximation  Capabilities  of Muitilayer 
Feedforward  Networks",
  Journal        = "Neural Networks",
  Volume         = "4",
  Pages          = "251-257",
  year           = 1991,
}
@Article{aproximator-nonpolinom,
  Author         = "Moshe Leshno, Vladimir Ya. Lin, Allan Pinkus y Shimon Schocken",
  Title          = "Multilayer feedforward networks with a nonpolynomial activation function can approximate any function",
  Journal        = "Neural Networks",
  Volume         = "6",
  Pages          = "861-867",
  year           = 1993,
}
@online{deltarule-process,
  author = {Dr. Michael R.W. Dawson y Dr. David A. Medler},
  title = {Dictionary of Cognitive Science},
  year = 2011,
  url = "http://www.bcp.psych.ualberta.ca/~mike/Pearl_Street/Dictionary/contents/G/generalizeddr.html",
  urldate = {2021-11-30}
}
@InBook{deltarule-advantages,
  Author         = "Michael R.W. Dawson",
  Title          = "Minds And Machines: Connectionism And Psychological Modeling.",
  Publisher      = "Blackwell Publishing",
  year           = 2004,
  pages          = 166,
}
@online{activation,
    author = {Pragati Baheti},
    title = {12 Types of Neural Network Activation Functions: How to Choose?},
    year = 2021,
    url = "https://www.v7labs.com/blog/neural-networks-activation-functions",
    urldate = {2021-12-02}
}
@online{vanishing,
    author = {Chi-Feng Wang},
    title = {The Vanishing Gradient Problem},
    year = 2019,
    url = "https://towardsdatascience.com/the-vanishing-gradient-problem-69bf08b15484",
    urldate = {2021-12-02}
}

%% optimizacion
@Article{descenso-gradiente,
  Author         = "Sebastian Ruder",
  Title          = "An overview of gradient descent optimization
algorithms",
  year           = 2017
}

@online{gradient-descent-wikipedia,
  author= "Wikipedia",
  title = "Gradient Descent",
  url = "https://en.wikipedia.org/wiki/Gradient_descent",
  urldate = "2021-12-13"
}

@online{gradient-descent-youtube,
  author= "Dot Csv",
  title = "¿Qué es el Descenso del Gradiente? Algoritmo de Inteligencia Artificial | DotCSV",
  url = "https://www.youtube.com/watch?v=A6FiCDoz8_4",
  urldate = "2021-12-13"
}


%%%%%%%%%%%  Redes neuronales profundas %%%%%%%%%
@Article{numero-capas,
  Author         = "Muhammad Uzair, Noreen Jamil",
  Title          = "Effects of Hidden Layers on the Efficiency of Neural networks",
  year           = 2020
}

@Article{LSMTM-paper,
  Author         = "Sepp Hochreiter, Jürgen Schmidhuber",
  Title          = "Long short -term Memory",
  year           = 1997
}
@Article{lime,
  Author         = "M. T. Ribeiro, S. Singh y C. Guestrin",
  Title          = "Why Should I Trust You?” Proceedings of the 22nd ACM SIGKDD International Conference on Knowledge Discovery and Data Mining - KDD  ’16.",
  year           = 2016
}
@Article{image-class,
  Author         = "Fuyuki Ishikawa y Yutaka Matsuno",
  Title          = "Continuous Argument Engineering:
Tackling Uncertainty in Machine Learning Based Systems",
  Journal        = "Lecture Notes in Computer Science",
  Volume         = "11094",
  Pages          = "14-21",
  year           = 2018,
}
@online{security-neuralnets,
  author= "Hiroshi Kuwajima, Hirotoshi Yasuoka y Toshihiro Nakae",
  title = "Open Problems in Engineering Machine Learning Systems and the Quality Model",
  url = "https://arxiv.org/abs/1904.00001v1",
  urldate = "01-04-2019"
}
@online{LSMTM-web,
  author= "Colah's blog",
  title = "Undertanding LSTM",
  url = "https://colah.github.io/posts/2015-08-Understanding-LSTMs/",
  urldate = "2015-08-27"
}


@online{GRU-web,
  author= "Michael Phi",
  title = "Illustrated Guide to LSTM’s and GRU’s: A step by step explanation",
  url = "https://towardsdatascience.com/illustrated-guide-to-lstms-and-gru-s-a-step-by-step-explanation-44e9eb85bf21",
  urldate = "2018-07-23"
}

@online{GRU-wikipedia,
  author= "Michael Phi",
  title = "Wikipedia gru explanation",
  url = "https://en.wikipedia.org/wiki/Gated_recurrent_unit",
  urldate = "2021-12-13"
}